@misc{ibm-m,
title = {IBM Mainframes},
howpublished = "\url{https://www-03.ibm.com/ibm/history/exhibits/mainframe/mainframe_intro.html}",
author = "IBM",
},
